@Article{Salerno2005,
  author      = {Salerno, Mario},
  date        = {2005-04-18},
  title       = {Quasi-crystal structures of Bose-Einstein condensates},
  doi         = {10.48550/ARXIV.COND-MAT/0504401},
  eprint      = {cond-mat/0504401},
  eprintclass = {cond-mat.other},
  eprinttype  = {arXiv},
  copyright   = {Assumed arXiv.org perpetual, non-exclusive license to distribute this article for submissions made before January 2004},
  file        = {:https___doi.org_10.48550_arxiv.cond-mat_0504401 - Quasi Crystal Structures of Bose Einstein Condensates.pdf:PDF},
  keywords    = {Other Condensed Matter (cond-mat.other), FOS: Physical sciences},
  publisher   = {arXiv},
  year        = {2005},
}

@Article{Marques2005,
  author       = {Marques, G. C. and Bagnato, V. S. and Muniz, S. R. and Spehler, D.},
  date         = {2005-08-22},
  journaltitle = {Physical Review A, 69 (5): Art. No. 053808 (May 2004)},
  title        = {Mechanocaloric and Thermomechanical Effects in Bose-Einstein Condensed Systems},
  doi          = {10.1103/physreva.69.053808},
  eprint       = {cond-mat/0508505},
  eprintclass  = {cond-mat.stat-mech},
  eprinttype   = {arXiv},
  issn         = {1094-1622},
  number       = {5},
  pages        = {053808},
  volume       = {69},
  copyright    = {Assumed arXiv.org perpetual, non-exclusive license to distribute this article for submissions made before January 2004},
  file         = {:Marques_2004 - Mechanocaloric and Thermomechanical Effects in Bose Einstein Condensed Systems.pdf:PDF},
  keywords     = {Statistical Mechanics (cond-mat.stat-mech), Quantum Gases (cond-mat.quant-gas), FOS: Physical sciences},
  month        = may,
  publisher    = {American Physical Society (APS)},
  year         = {2005},
}

@Article{Kirsten1995,
  author       = {Kirsten, Klaus and Toms, David J.},
  date         = {1995-08-13},
  journaltitle = {Phys.Lett. B368 (1996) 119-123},
  title        = {Simple criterion for the occurrence of Bose-Einstein condensation},
  doi          = {10.1016/0370-2693(95)01505-1},
  eprint       = {hep-th/9508055},
  eprintclass  = {hep-th},
  eprinttype   = {arXiv},
  issn         = {0370-2693},
  number       = {1â€“2},
  pages        = {119--123},
  volume       = {368},
    copyright    = {Assumed arXiv.org perpetual, non-exclusive license to distribute this article for submissions made before January 2004},
  file         = {:Kirsten_1996 - Simple Criterion for the Occurrence of Bose Einstein Condensation.pdf:PDF},
  keywords     = {High Energy Physics - Theory (hep-th), FOS: Physical sciences},
  month        = jan,
  publisher    = {Elsevier BV},
  year         = {1995},
}

@Article{Shu2005,
  author       = {Shu, Song and Li, Jia-Rong},
  date         = {2005-01-28},
  journaltitle = {J.Phys. G31 (2005) 459-470},
  title        = {Bose-Einstein condensation and chiral phase transition in linear sigma model},
  doi          = {10.1088/0954-3899/31/5/015},
  eprint       = {hep-th/0501226},
  eprintclass  = {hep-th},
  eprinttype   = {arXiv},
  issn         = {1361-6471},
  number       = {5},
  pages        = {459--470},
  volume       = {31},
  copyright    = {Assumed arXiv.org perpetual, non-exclusive license to distribute this article for submissions made before January 2004},
  file         = {:Shu2005 - Bose Einstein Condensation and Chiral Phase Transition in Linear Sigma Model.pdf:PDF},
  keywords     = {High Energy Physics - Theory (hep-th), FOS: Physical sciences},
  month        = apr,
  publisher    = {IOP Publishing},
  year         = {2005},
}

@Comment{jabref-meta: databaseType:biblatex;}
